@inproceedings{Noordende_asecure,
    author = {Guido Van ’t Noordende and Ádám Balogh and Rutger Hofman and Frances M. T. Brazier and Andrew S. Tanenbaum},
    title = {A secure jailing system for confining untrusted applications},
    booktitle = {International Conference on Security and Cryptography (SECRYPT)},
    year = {2007}
}
@misc{strace,
    title = "strace",
    howpublished ="\url{http://sourceforge.net/projects/strace/}"
}

@misc{golang,
    title = "Go Language",
    howpublished ="\url{http://golang.org/}"
}
@misc{gdb,
    title = "GNU Debugger",
    howpublished ="\url{http://sourceware.org/gdb/}"
}
@misc{socks5,
    title = "SOCKS 5",
    howpublished ="\url{http://www.ietf.org/rfc/rfc1928.txt}"
}
@misc{int80h,
    title = "2.1. Default Calling Convention",
    howpublished ="\url{http://www.int80h.org/bsdasm/#default-calling-convention}"
}
@misc{posix,
    title = "POSIX - Portable Operating System IX",
    howpublished ="\url{}"
}
@misc{bsdasm,
    title = "FreeBSD Assembly Language Programming",
    howpublished ="\url{http://www.int80h.org/bsdasm/#where-errno}"
}
